@article{heponiemi2014call,
  title={On-call work and physicians well-being: testing the potential mediators},
  author={Heponiemi, T and Puttonen, S and Elovainio, M},
  journal={Occupational Medicine},
  volume={64},
  number={5},
  pages={352--357},
  year={2014},
  publisher={Oxford University Press UK}
}

@article{ernst1999work,
  title={Work-family role synthesis: Individual and organizational determinants},
  author={Ernst Kossek, Ellen and Noe, Raymond A and DeMarr, Beverly J},
  journal={International Journal of Conflict Management},
  volume={10},
  number={2},
  pages={102--129},
  year={1999},
  publisher={MCB UP Ltd}
}

@book{katz1978social,
  title={The social psychology of organizations},
  author={Katz, Daniel and Kahn, Robert L},
  volume={2},
  year={1978},
  publisher={Wiley New York}
}

@book{boucher1992paging,
  title={The paging technology handbook},
  author={Boucher, Neil J},
  year={1992},
  publisher={John Wiley \& Sons}
}

@inproceedings{Fetter2018,
  title={Towards a Better Understanding of Availability and Interruptibility with Mobile Availability Probes},
  author={Fetter, Mirko and M{\"u}ller, Anna-Lena and Vasilyev, Petr and Barth, Laura Marie and Gross, Tom},
  booktitle={Proceedings of 16th European Conference on Computer-Supported Cooperative Work-Exploratory Papers},
  year={2018},
  organization={European Society for Socially Embedded Technologies (EUSSET)}
}
   
@inproceedings{Birnholtz2010,
  title={On my way: Deceptive texting and interpersonal awareness narratives},
  author={Birnholtz, Jeremy and Guillory, Jamie and Hancock, Jeff and Bazarova, Natalya},
  booktitle={Proceedings of the 2010 ACM conference on Computer supported cooperative work},
  pages={1--4},
  year={2010},
  organization={ACM}
}

@article{Piszczek2014,
  title={Expanding the boundaries of boundary theory: Regulative institutions and work--family role management},
  author={Piszczek, Matthew M and Berg, Peter},
  journal={Human Relations},
  volume={67},
  number={12},
  pages={1491--1512},
  year={2014},
  publisher={Sage Publications Sage UK: London, England}
}

@article{Hecht2009,
  title={A longitudinal examination of the work--nonwork boundary strength construct},
  author={Hecht, Tracy D and Allen, Natalie J},
  journal={Journal of Organizational Behavior: The International Journal of Industrial, Occupational and Organizational Psychology and Behavior},
  volume={30},
  number={7},
  pages={839--862},
  year={2009},
  publisher={Wiley Online Library}
}

@article{Ashforth2000,
  title={All in a day's work: Boundaries and micro role transitions},
  author={Ashforth, Blake E and Kreiner, Glen E and Fugate, Mel},
  journal={Academy of Management review},
  volume={25},
  number={3},
  pages={472--491},
  year={2000},
  publisher={Academy of Management Briarcliff Manor, NY 10510}
}

@article{Lindfors2006,
  title={On-call stress among Finnish anaesthetists},
  author={Lindfors, PM and Nurmi, KE and Meretoja, OA and Luukkonen, RA and Viljanen, A-M and Leino, TJ and H{\"a}rm{\"a}, M I},
  journal={Anaesthesia},
  volume={61},
  number={9},
  pages={856--866},
  year={2006},
  publisher={Wiley Online Library}
}


@misc{Bal1994,
   Author = {Balasubramanian, Venkatraman},
   Title = {State of the Art Review on Hypermedia Issues and Applications},
   Howpublished = {Department of Computer Science, University of Calgary, ftp://ftp.isg.sfu.ca:/pub/duchier/HT.tar.gz},
   Year = 1994, 
   Note = {(Accessed 20/11/96)} } 



@techreport{BeMa1993,
   Author = {Benford, Steve and Mariani, John},
   Title = {The COMIC Project - Requirements and Metaphors of Shared Interaction},
   Institution = {Department of Information Science, University of Nottingham and Computing Department, University of Lancaster},
   Number = {Esprit Basic Research Project 6225 - Deliverable D4.1},
   Month= {Oct.},
   Year = {1993} }



@phdthesis{Dou1996,
   Author = {Dourish, Paul},
   Title = {Open Implementation and Flexibility in CSCW Toolkits},
   School = {Department of Computer Science, University College London},
   Note = {ftp://parcftp.xerox.com/pub/europarc/dourish-thesis.ps.gz},
   Type = {Ph.D. thesis},
   Year = {1996} }



@misc{Gro1994,
   Author = {Gross, Tom},
   Title = {Software Architectures for Cooperative Systems},
   Month = {Oct. 23},
   Year = {1994} }



@article{Gro1995,
   Author = {Gross, Tom},
   Title = {Software Architectures for Cooperative Systems},
   Volume = {15},
   Number = {3},
   Pages = {16-17},
   Year = {1995} }



@inproceedings{GrPr2003,
   Author = {Gross, Tom and Prinz, Wolfgang},
   Title = {Awareness in Context: A Light-Weight Approach},
   BookTitle = {Proceedings of the Eights European Conference on Computer-Supported Cooperative Work - ECSCW 2003},
   Address= {Helsinki, Finland},
   Publisher = {Kluwer Academic Publishers},
   Pages = {295-314},
   Year = {2003} }



@book{Ham2002,
   Editor = {Hammond, Judy and Gross, Tom and Wesson, Janet},
   Title = {Usability: Gaining a Competitive Edge},
   Publisher = {Kluwer Academic Publishers},
   Address = {Dordrecht},
   Year = {2002} }



@book{MaVa1984,
   Author = {Maturana, Humberto R. and Varela, Franzisco J.},
   Title = {El arbol del concocimiento (Der Baum der Erkenntnis: Die Biologischen Wurzeln des Menschlichen Erkennens; Originally Spanisch, German translation)},
   Publisher = {Goldmann Verlag},
   Address = {Bern, Switzerland},
   Year = {1984} }



